[gd_scene load_steps=14 format=3 uid="uid://cmf1obxf3r7wl"]

[ext_resource type="Script" path="res://Player.gd" id="1"]
[ext_resource type="PackedScene" uid="uid://nmhxr5sgnrgs" path="res://bullet.tscn" id="2"]
[ext_resource type="Script" path="res://RigidBody2D.gd" id="3"]

[sub_resource type="RectangleShape2D" id="1"]

[sub_resource type="BoxMesh" id="2"]

[sub_resource type="PhysicsMaterial" id="3"]
rough = true
bounce = 0.39

[sub_resource type="CircleShape2D" id="4"]
radius = 7.51665

[sub_resource type="SphereMesh" id="5"]

[sub_resource type="PhysicsMaterial" id="6"]
bounce = 0.41

[sub_resource type="CircleShape2D" id="7"]
radius = 5.0

[sub_resource type="SphereMesh" id="8"]

[sub_resource type="FastNoiseLite" id="9"]
fractal_octaves = 9

[sub_resource type="NoiseTexture2D" id="10"]
noise = SubResource("9")

[node name="Root" type="Node2D"]

[node name="World" type="Node2D" parent="."]

[node name="Box" type="Node2D" parent="World"]

[node name="StaticBody2D" type="StaticBody2D" parent="World/Box"]
position = Vector2(510, 597)

[node name="CollisionShape2D" type="CollisionShape2D" parent="World/Box/StaticBody2D"]
position = Vector2(0, 1)
scale = Vector2(60, 1)
shape = SubResource("1")

[node name="MeshInstance2D" type="MeshInstance2D" parent="World/Box/StaticBody2D"]
position = Vector2(0, 1)
scale = Vector2(1200, 20)
mesh = SubResource("2")

[node name="StaticBody2D2" type="StaticBody2D" parent="World/Box"]
position = Vector2(-595, -1058)
rotation = -1.49393

[node name="CollisionShape2D" type="CollisionShape2D" parent="World/Box/StaticBody2D2"]
position = Vector2(0, 1)
scale = Vector2(60, 1)
shape = SubResource("1")

[node name="MeshInstance2D" type="MeshInstance2D" parent="World/Box/StaticBody2D2"]
position = Vector2(0, 1)
scale = Vector2(1200, 20)
mesh = SubResource("2")

[node name="StaticBody2D5" type="StaticBody2D" parent="World/Box"]
position = Vector2(-988, -2045)
rotation = 0.73242

[node name="CollisionShape2D" type="CollisionShape2D" parent="World/Box/StaticBody2D5"]
position = Vector2(0, 1)
scale = Vector2(60, 1)
shape = SubResource("1")

[node name="MeshInstance2D" type="MeshInstance2D" parent="World/Box/StaticBody2D5"]
position = Vector2(0, 1)
scale = Vector2(1200, 20)
mesh = SubResource("2")

[node name="StaticBody2D6" type="StaticBody2D" parent="World/Box"]
position = Vector2(-1070, -2910)
rotation = 2.23399

[node name="CollisionShape2D" type="CollisionShape2D" parent="World/Box/StaticBody2D6"]
position = Vector2(0, 1)
scale = Vector2(60, 1)
shape = SubResource("1")

[node name="MeshInstance2D" type="MeshInstance2D" parent="World/Box/StaticBody2D6"]
position = Vector2(0, 1)
scale = Vector2(1200, 20)
mesh = SubResource("2")

[node name="StaticBody2D7" type="StaticBody2D" parent="World/Box"]
position = Vector2(-111, -3408)
rotation = 3.08789

[node name="CollisionShape2D" type="CollisionShape2D" parent="World/Box/StaticBody2D7"]
position = Vector2(0, 1)
scale = Vector2(60, 1)
shape = SubResource("1")

[node name="MeshInstance2D" type="MeshInstance2D" parent="World/Box/StaticBody2D7"]
position = Vector2(0, 1)
scale = Vector2(1200, 20)
mesh = SubResource("2")

[node name="StaticBody2D8" type="StaticBody2D" parent="World/Box"]
position = Vector2(1057, -3287)
rotation = 3.40072

[node name="CollisionShape2D" type="CollisionShape2D" parent="World/Box/StaticBody2D8"]
position = Vector2(0, 1)
scale = Vector2(60, 1)
shape = SubResource("1")

[node name="MeshInstance2D" type="MeshInstance2D" parent="World/Box/StaticBody2D8"]
position = Vector2(0, 1)
scale = Vector2(1200, 20)
mesh = SubResource("2")

[node name="StaticBody2D9" type="StaticBody2D" parent="World/Box"]
position = Vector2(1668, -2560)
rotation = 3.40072

[node name="CollisionShape2D" type="CollisionShape2D" parent="World/Box/StaticBody2D9"]
position = Vector2(0, 1)
scale = Vector2(60, 1)
shape = SubResource("1")

[node name="MeshInstance2D" type="MeshInstance2D" parent="World/Box/StaticBody2D9"]
position = Vector2(0, 1)
scale = Vector2(1200, 20)
mesh = SubResource("2")

[node name="StaticBody2D10" type="StaticBody2D" parent="World/Box"]
position = Vector2(1957, -2741)
rotation = 4.02647

[node name="CollisionShape2D" type="CollisionShape2D" parent="World/Box/StaticBody2D10"]
position = Vector2(0, 1)
scale = Vector2(60, 1)
shape = SubResource("1")

[node name="MeshInstance2D" type="MeshInstance2D" parent="World/Box/StaticBody2D10"]
position = Vector2(0, 1)
scale = Vector2(1200, 20)
mesh = SubResource("2")

[node name="StaticBody2D3" type="StaticBody2D" parent="World/Box"]
position = Vector2(-364, 66)
rotation = 1.08345

[node name="CollisionShape2D" type="CollisionShape2D" parent="World/Box/StaticBody2D3"]
position = Vector2(0, 1)
scale = Vector2(60, 1)
shape = SubResource("1")

[node name="MeshInstance2D" type="MeshInstance2D" parent="World/Box/StaticBody2D3"]
position = Vector2(0, 1)
scale = Vector2(1200, 20)
mesh = SubResource("2")

[node name="StaticBody2D4" type="StaticBody2D" parent="World/Box"]
position = Vector2(1100, -1059)
rotation = 1.5708
scale = Vector2(2.76, 1)

[node name="CollisionShape2D" type="CollisionShape2D" parent="World/Box/StaticBody2D4"]
position = Vector2(0, 1)
scale = Vector2(60, 1)
shape = SubResource("1")

[node name="MeshInstance2D" type="MeshInstance2D" parent="World/Box/StaticBody2D4"]
position = Vector2(0, 1)
scale = Vector2(1200, 20)
mesh = SubResource("2")

[node name="Player" type="RigidBody2D" parent="."]
position = Vector2(219, 350)
physics_material_override = SubResource("3")
gravity_scale = 2.0
linear_velocity = Vector2(500, -500)
script = ExtResource("1")
Bullet = ExtResource("2")

[node name="CollisionShape2D" type="CollisionShape2D" parent="Player"]
scale = Vector2(2, 2)
shape = SubResource("4")

[node name="MeshInstance2D" type="MeshInstance2D" parent="Player"]
scale = Vector2(30, 30)
mesh = SubResource("5")

[node name="point" type="Marker2D" parent="Player"]
position = Vector2(50, 0)

[node name="bullet" parent="Player" instance=ExtResource("2")]

[node name="Timer" type="Timer" parent="Player"]
one_shot = true

[node name="Camera2D" type="Camera2D" parent="Player"]

[node name="destructible moon" type="RigidBody2D" parent="."]
position = Vector2(648, 229)
physics_material_override = SubResource("6")
gravity_scale = 10.0
script = ExtResource("3")

[node name="CollisionShape2D" type="CollisionShape2D" parent="destructible moon"]
scale = Vector2(5, 5)
shape = SubResource("7")

[node name="MeshInstance2D" type="MeshInstance2D" parent="destructible moon"]
scale = Vector2(50, 50)
mesh = SubResource("8")
texture = SubResource("10")

[node name="destructible moon2" type="RigidBody2D" parent="."]
position = Vector2(516, 154)
physics_material_override = SubResource("6")
gravity_scale = 10.0
script = ExtResource("3")

[node name="CollisionShape2D" type="CollisionShape2D" parent="destructible moon2"]
scale = Vector2(5, 5)
shape = SubResource("7")

[node name="MeshInstance2D" type="MeshInstance2D" parent="destructible moon2"]
scale = Vector2(50, 50)
mesh = SubResource("8")
texture = SubResource("10")

[node name="destructible moon3" type="RigidBody2D" parent="."]
position = Vector2(794, 151)
physics_material_override = SubResource("6")
gravity_scale = 10.0
script = ExtResource("3")

[node name="CollisionShape2D" type="CollisionShape2D" parent="destructible moon3"]
scale = Vector2(5, 5)
shape = SubResource("7")

[node name="MeshInstance2D" type="MeshInstance2D" parent="destructible moon3"]
scale = Vector2(50, 50)
mesh = SubResource("8")
texture = SubResource("10")

[connection signal="timeout" from="Player/Timer" to="Player" method="_on_Timer_timeout"]
